@online{OWASP,
  title = {OWASP Top 10 Most Critical Web Application Security Risks:\par},
  url = {https://www.owasp.org/index.php/Category:OWASP\_Top\_Ten\_Project}
}
@online{Qualys,
  title = {Modelo de amenazas SSL propuesto por {\em Qualys}:\par},
  url = {https://www.ssllabs.com/projects/ssl-threat-model/index.html}
}
@online{HTTPUSage,
  title = {Majority of the world’s top million websites now use HTTPS:\par},
  url = {https://www.welivesecurity.com/2018/09/03/majority-worlds-top-websites-https/}
}
@online{Encryption,
  title = {HTTPS encryption on the web:\par},
  url = {https://transparencyreport.google.com/https/overview?hl=en}
}
@online{ModSecurity,
  title = {ModSecurity:\par},
  url = {http://www.modsecurity.org/}
}
@online{Imperva,
  title = {Fabricante de appliances WAF lider del mercado:\par},
  url = {https://www.imperva.com/products/web-application-firewall-waf/}
}

@online{licenciassoftlibre,
  title = {GPL-Compatible Free Software Licenses\par},
  url   = {https://www.gnu.org/licenses/license-list.html#SoftwareLicenses}
}

@online{gpl,
  title = {GNU General Public License\par},
  url   = {https://www.gnu.org/licenses/gpl-3.0.html}
}

@online{lgpl,
  title = {GNU Lesser General Public License\par},
  url   = {https://www.gnu.org/licenses/lgpl-3.0.html}
}

@online{wiki:TLSSNI,
  title = {Server Name Indication\par},
  author = {Wikipedia},
  url   = {https://es.wikipedia.org/wiki/Server_Name_Indication}
}

@online{softwarelibre,
  title = {¿Qué es el software libre?\par},
  url   = {https://www.gnu.org/philosophy/free-sw.es.html}
}

@online{TLSBestPractices,
  title = {SSL and TLS Deployment Best Practices\par},
  url   = {https://github.com/ssllabs/research/wiki/SSL-and-TLS-Deployment-Best-Practices}
}
