@online{wikithroughput,
  title = {Wikipedia. Throughput\par},
  url   = {https://es.wikipedia.org/wiki/Throughput}
}

@online{osi,
  title = {Estándar del modelo OSI, del inglés {\em Open Systems Interconnection model}. ISO/IEC standard 7498-1:1994\par},
  url   = {http://standards.iso.org/ittf/PubliclyAvailableStandards/s020269_ISO_IEC_7498-1_1994(E).zip}
}

@online{privativo,
  title = {Software propietario o privativo\par},
  url   = {https://www.definicionabc.com/tecnologia/software-propietario.php}
}

@online{cloudflarewaf,
  title = {Cloudflare WAF\par},
  url   = {https://www.cloudflare.com/waf/}
}

@online{cloudflare,
  title = {Cloudflare\par},
  url   = {https://www.cloudflare.com/}
}

@online{kona,
  title = {Kona WAF\par},
  url   = {https://www.akamai.com/uk/en/resources/waf.jsp}
}

@online{akamai,
  title = {Akamai\par},
  url   = {https://www.akamai.com/es/es/}
}

@online{Incapsula,
  title = {Incapsula Web Application Firewall\par},
  url   = {https://www.incapsula.com/website-security/web-application-firewall.html}
}

@online{cdnprices,
  title = {CDN Cost Comparison - Global Traffic Monthly Plans\par},
  url   = {https://www.cdn77.com/compare-cdn-providers}
}

@online{incapsulaprices,
  title = {Imperva Incapsula. Pricing and plans\par},
  url   = {https://www.incapsula.com/pricing-and-plans.html}
}

@online{imperva,
  title = { Imperva WAF Gateway\par},
  url   = {https://www.imperva.com/products/on-premises-waf/}
}

@online{fortiweb,
  title = {FortiWeb: Web Application Firewall\par},
  url   = {https://www.fortinet.com/products/web-application-firewall/fortiweb.html}
}

@online{fortinet,
  title = {Fortinet\par},
  url   = {https://www.fortinet.com/}
}

@online{impervacost1,
  title = {Precio de appliance Imperva, modelo X2020\par},
  url   = {https://www.comparitech.com/net-admin/best-web-application-firewall/}
}

@online{impervacost2,
  title = {Precio de appliance Imperva, modelo X2010\par},
  url   = {https://searchsecurity.techtarget.com/feature/Comparing-the-best-Web-application-firewalls-in-the-industry}
}

@online{impervacost3,
  title = {Precio de licencias anuales de Imperva, modelo X2010\par},
  url   = {https://www.globenetstore.com/shop/search.aspx?search=SS-WAF-X21-SL}
}

@online{impervacost4,
  title = {Precio de licencias anuales de Imperva, modelos X2500 y X4500 (fichero de Microsoft Excel)\par},
  url   = {https://cdn2.hubspot.net/hubfs/2539908/Imperva%20Price%20List.xlsx}
}

@online{impervaawscost1,
  title = {SecureSphere WAF AV1000 Gateway for AWS\par},
  url   = {https://aws.amazon.com/marketplace/pp/B00UAWMZ1U?qid=1555322432672}
}

@online{impervaawscost2,
  title = {SecureSphere WAF AV2500 Gateway for AWS\par},
  url   = {https://aws.amazon.com/marketplace/pp/B00UAWN0FU?qid=1555323193972}
}

@online{fortiwebcost1,
  title = {AVFirewalls.com. Fortinet FortiWeb 100D\par},
  url   = {http://www.avfirewalls.com/FortiWeb-100D.asp}
}

@online{fortiwebcost2,
  title = {AVFirewalls.com. Fortinet FortiWeb 400D\par},
  url   = {http://www.avfirewalls.com/FortiWeb-400D.asp}
}

@online{fortiwebcost3,
  title = {Real Data Solutions. Fortinet FortiWeb 600D\par},
  url   = {http://realdatasolutions.net/index.php?id_product=220&controller=product}
}

@online{fortiwebcost4,
  title = {AWS Marketplace. Fortinet FortiWeb Web Application Firewall WAF VM\par},
  url   = {https://aws.amazon.com/marketplace/pp/B00L9JODAE?ref=_ptnr_ftnt_web_fortiweb}
}

% online{aaa,
%   title = { Modelo de amenazas SSL propuesto por {\em Qualys}\par},
%   url   = {https://www.ssllabs.com/projects/ssl-threat-model/index.html}
% online{bbb,
%   title = { Majority of the world’s top million websites now use HTTPS\par},
%   url   = {https://www.welivesecurity.com/2018/09/03/majority-worlds-top-websites-https/}
% online{ccc,
%   title = { HTTPS encryption on the web\par},
%   url   = {https://transparencyreport.google.com/https/overview?hl=en}
% online{ddd,
%   title = { ModSecurity\par},
%   url   = {http://www.modsecurity.org/}
% online{eee,
%   title = { Fabricante de appliances WAF lider del mercado\par},
%   url   = {https://www.imperva.com/products/web-application-firewall-waf/}
% online{amdd,
%   title = {Desarrollo ágil\par},
%   url   = {http://www.agilemodeling.com/essays/amdd.htm}
% online{jit,
%   title = {Just-in-time},
%   url   = {http://en.wikipedia.org/wiki/Just-in-time_compilation}
% online{celery,
%   title = {Celery\par},
%   {\footnotesize url   = {http://docs.celeryproject.org/en/latest/getting-started/first-steps-with-celery.html,
%   title = {}"},
% online{webhooks,
%   title = {Webhooks\par},
%   url   = {http://en.wikipedia.org/wiki/Webhook}
%   url   = {http://docs.celeryproject.org/en/latest/userguide/remote-tasks.html}
% online{django,
%   title = {Django en Celery\par},
%   url   = {http://docs.celeryproject.org/en/latest/django/index.html}
%   url   = {http://pypi.python.org/pypi/django-celery}
% online{svn,
%   title = {Apache Subversion\par},
%   url   = {http://subversion.apache.org/}
% online{sqlite,
%   title = {SQLite\par},
%   url   = {http://sqlite.org/}
% online{sqlitesvn,
%   title = {Versioning SQLite databases with Subversion\par},
%   url   = {http://stackoverflow.com/q/1772317}
% online{abstract,
%   title = { Patrón creacional {\em Abstract Factory}\par},
%   url   = {http://www.informit.com/onlines/online.aspx?p=1398599}
% online{facade,
%   title = { Patrón estructural {\em Facade}\par},
%   url   = {http://en.wikipedia.org/wiki/Facade_pattern}
% online{observer,
%   title = { Patrón de comportamiento {\em Observer}\par},
%   url   = {http://code.activestate.com/recipes/131499-observer-pattern/}
% online{tdd,
%   title = {Test-driven development\par},
%   url   = {http://en.wikipedia.org/wiki/Test-driven_development}
